%clanok v casopise
@article{Miangah2012,
  doi = {10.5121/ijdps.2012.3126},
  url = {https://doi.org/10.5121/ijdps.2012.3126},
  year = {2012},
  month = jan,
  publisher = {Academy and Industry Research Collaboration Center ({AIRCC})},
  volume = {3},
  number = {1},
  pages = {309--319},
  author = {Tayebeh Mosavi Miangah},
  title = {Mobile-Assisted Language Learning},
  journal = {International Journal of Distributed and Parallel systems}
}


@article{KukulskaHulme2009,
  doi = {10.1017/s0958344009000202},
  url = {https://doi.org/10.1017/s0958344009000202},
  year = {2009},
  month = may,
  publisher = {Cambridge University Press ({CUP})},
  volume = {21},
  number = {2},
  pages = {157--165},
  author = {Agnes Kukulska-Hulme},
  title = {Will mobile learning change language learning?},
  journal = {{ReCALL}}
}

@article{Kim2012,
	doi = {10.15702/MALL.2012.15.1.31},
	author = "Kim Heyoung and Kwon Yeon-hee",
	title = "Exploring Smartphone Applications for Effective Mobile-Assisted Language Learning",
	month = apr,
	year = 2012,
	pages = {31-57},
	volume = {15},
	number = {1},
	url = {https://doi.org/10.15702/MALL.2012.15.1.31},
	
}



